@article{lample2017unsupervised,
  title={Unsupervised Machine Translation Using Monolingual Corpora Only},
  author={Lample, Guillaume and Denoyer, Ludovic and Ranzato, Marc'Aurelio},
  journal={arXiv preprint arXiv:1711.00043},
  year={2017}
}

@article{artetxe2017unsupervised,
  title={Unsupervised neural machine translation},
  author={Artetxe, Mikel and Labaka, Gorka and Agirre, Eneko and Cho, Kyunghyun},
  journal={arXiv preprint arXiv:1710.11041},
  year={2017}
}

@article{conneau2017word,
  title={Word translation without parallel data},
  author={Conneau, Alexis and Lample, Guillaume and Ranzato, Marc'Aurelio and Denoyer, Ludovic and J{\'e}gou, Herv{\'e}},
  journal={arXiv preprint arXiv:1710.04087},
  year={2017}
}

@article{nmt2017oestling,
  author    = {Robert {\"{O}}stling and
               J{\"{o}}rg Tiedemann},
  title     = {Neural machine translation for low-resource languages},
  journal   = {CoRR},
  volume    = {abs/1708.05729},
  year      = {2017},
  url       = {http://arxiv.org/abs/1708.05729},
  archivePrefix = {arXiv},
  eprint    = {1708.05729},
  timestamp = {Tue, 05 Sep 2017 10:03:46 +0200},
  biburl    = {http://dblp.org/rec/bib/journals/corr/abs-1708-05729},
  bibsource = {dblp computer science bibliography, http://dblp.org}
}

@article{DBLP:journals/corr/ChengXHHWSL16,
  author    = {Yong Cheng and
               Wei Xu and
               Zhongjun He and
               Wei He and
               Hua Wu and
               Maosong Sun and
               Yang Liu},
  title     = {Semi-Supervised Learning for Neural Machine Translation},
  journal   = {CoRR},
  volume    = {abs/1606.04596},
  year      = {2016},
  url       = {http://arxiv.org/abs/1606.04596},
  archivePrefix = {arXiv},
  eprint    = {1606.04596},
  timestamp = {Mon, 28 Aug 2017 11:25:15 +0200},
  biburl    = {http://dblp.org/rec/bib/journals/corr/ChengXHHWSL16},
  bibsource = {dblp computer science bibliography, http://dblp.org}
}

@article{DBLP:journals/corr/WuSCLNMKCGMKSJL16,
  author    = {Yonghui Wu and
               Mike Schuster and
               Zhifeng Chen and
               Quoc V. Le and
               Mohammad Norouzi and
               Wolfgang Macherey and
               Maxim Krikun and
               Yuan Cao and
               Qin Gao and
               Klaus Macherey and
               Jeff Klingner and
               Apurva Shah and
               Melvin Johnson and
               Xiaobing Liu and
               Lukasz Kaiser and
               Stephan Gouws and
               Yoshikiyo Kato and
               Taku Kudo and
               Hideto Kazawa and
               Keith Stevens and
               George Kurian and
               Nishant Patil and
               Wei Wang and
               Cliff Young and
               Jason Smith and
               Jason Riesa and
               Alex Rudnick and
               Oriol Vinyals and
               Greg Corrado and
               Macduff Hughes and
               Jeffrey Dean},
  title     = {Google's Neural Machine Translation System: Bridging the Gap between
               Human and Machine Translation},
  journal   = {CoRR},
  volume    = {abs/1609.08144},
  year      = {2016},
  url       = {http://arxiv.org/abs/1609.08144},
  archivePrefix = {arXiv},
  eprint    = {1609.08144},
  timestamp = {Wed, 07 Jun 2017 14:41:00 +0200},
  biburl    = {http://dblp.org/rec/bib/journals/corr/WuSCLNMKCGMKSJL16},
  bibsource = {dblp computer science bibliography, http://dblp.org}
}

@inproceedings{rehureklrec,
      title = {{Software Framework for Topic Modelling with Large Corpora}},
      author = {Radim {\v R}eh{\r u}{\v r}ek and Petr Sojka},
      booktitle = {{Proceedings of the LREC 2010 Workshop on New
           Challenges for NLP Frameworks}},
      pages = {45--50},
      year = 2010,
      month = May,
      day = 22,
      publisher = {ELRA},
      address = {Valletta, Malta},
      note={http://is.muni.cz/publication/884893/en},
      language={English}
}

@inproceedings{goodfellow2014generative,
  title={Generative adversarial nets},
  author={Goodfellow, Ian and Pouget-Abadie, Jean and Mirza, Mehdi and Xu, Bing and Warde-Farley, David and Ozair, Sherjil and Courville, Aaron and Bengio, Yoshua},
  booktitle={Advances in neural information processing systems},
  pages={2672--2680},
  year={2014}
}

@article{bojanowski2016enriching,
  title={Enriching Word Vectors with Subword Information},
  author={Bojanowski, Piotr and Grave, Edouard and Joulin, Armand and Mikolov, Tomas},
  journal={arXiv preprint arXiv:1607.04606},
  year={2016}
}

@inproceedings{jongejan2009automatic,
  title={Automatic training of lemmatization rules that handle morphological changes in pre-, in-and suffixes alike},
  author={Jongejan, Bart and Dalianis, Hercules},
  booktitle={Proceedings of the Joint Conference of the 47th Annual Meeting of the ACL and the 4th International Joint Conference on Natural Language Processing of the AFNLP: Volume 1-Volume 1},
  pages={145--153},
  year={2009},
  organization={Association for Computational Linguistics}
}

@article{mikolov2013efficient,
  title={Efficient estimation of word representations in vector space},
  author={Mikolov, Tomas and Chen, Kai and Corrado, Greg and Dean, Jeffrey},
  journal={arXiv preprint arXiv:1301.3781},
  year={2013}
}

@book{bird2009natural,
  title={Natural language processing with Python: analyzing text with the natural language toolkit},
  author={Bird, Steven and Klein, Ewan and Loper, Edward},
  year={2009},
  publisher={" O'Reilly Media, Inc."}
}

@inproceedings{segalovich2003fast,
  title={A fast morphological algorithm with unknown word guessing induced by a dictionary for a web search engine.},
  author={Segalovich, Ilya},
  booktitle={MLMTA},
  pages={273--280},
  year={2003},
  organization={Citeseer}
}
